@article{PacketBased, %Skal bort
    author  = {Tanenbaum, A. S.},
    title   = {Computer {N}etworks},
    publisher = {Prentice Hall Inc.},
    year    = {1981}
}

@book{ReadingsHWSW,
    author  = {De Micheli, Giovanni and Wolf, Wayne and Ernst, Rolf},
    title   = {Readings in Hardware/Software Co-Design},
    publisher = {Morgan Kaufmann Publishers Inc.},
    year    = {2001}
}
%http://dl.acm.org/citation.cfm?id=558780
%http://courses.cs.tamu.edu/rabi/cpsc689/lectures/lecture01/hwswcodesign.pdf
%bruk artikkel i stedet


@misc{Tulipp,
title = {{Webpage Tulipp project}},
howpublished = {\url{http://tulipp.eu}}, 
note = {last visited: 2017-06-01},
}

@book{IntroHWSW, 
    author      = {Patrick R. Schaumont}
    title       = {A practical introduction to Hardware/Software Codesign}
    publisher   = {Springer US}
    year        = {2013}
}


